<?xml version="1.0" encoding="UTF-8"?>
  <record xmlns="http://www.loc.gov/MARC21/slim" type="Authority">
    <leader>00000nz  a2200000nc 4500</leader>
    <controlfield tag="001">12971075X</controlfield>
    <controlfield tag="003">DE-101</controlfield>
    <controlfield tag="005">20200930003046.0</controlfield>
    <controlfield tag="008">050120n||aznnnaabn           | aaa    |c</controlfield>
    <datafield tag="024" ind1="7" ind2=" ">
      <subfield code="a">12971075X</subfield>
      <subfield code="0">http://d-nb.info/gnd/12971075X</subfield>
      <subfield code="2">gnd</subfield>
    </datafield>
    <datafield tag="035" ind1=" " ind2=" ">
      <subfield code="a">(DE-101)12971075X</subfield>
    </datafield>
    <datafield tag="035" ind1=" " ind2=" ">
      <subfield code="a">(DE-588)12971075X</subfield>
    </datafield>
    <datafield tag="035" ind1=" " ind2=" ">
      <subfield code="z">(DE-588)1053420099</subfield>
    </datafield>
    <datafield tag="035" ind1=" " ind2=" ">
      <subfield code="z">(DE-588a)12971075X</subfield>
      <subfield code="9">v:zg</subfield>
    </datafield>
    <datafield tag="035" ind1=" " ind2=" ">
      <subfield code="z">(DE-588a)100994989</subfield>
    </datafield>
    <datafield tag="040" ind1=" " ind2=" ">
      <subfield code="a">DE-12</subfield>
      <subfield code="c">DE-12</subfield>
      <subfield code="9">r:DE-12</subfield>
      <subfield code="b">ger</subfield>
      <subfield code="d">9999</subfield>
    </datafield>
    <datafield tag="042" ind1=" " ind2=" ">
      <subfield code="a">gnd1</subfield>
    </datafield>
    <datafield tag="043" ind1=" " ind2=" ">
      <subfield code="c">XA-LT</subfield>
      <subfield code="c">XA-DE</subfield>
      <subfield code="c">XA-RU</subfield>
    </datafield>
    <datafield tag="075" ind1=" " ind2=" ">
      <subfield code="b">p</subfield>
      <subfield code="2">gndgen</subfield>
    </datafield>
    <datafield tag="075" ind1=" " ind2=" ">
      <subfield code="b">piz</subfield>
      <subfield code="2">gndspec</subfield>
    </datafield>
    <datafield tag="079" ind1=" " ind2=" ">
      <subfield code="a">g</subfield>
      <subfield code="q">a</subfield>
      <subfield code="q">f</subfield>
      <subfield code="q">l</subfield>
      <subfield code="q">e</subfield>
    </datafield>
    <datafield tag="100" ind1="0" ind2=" ">
      <subfield code="a">Efrayim Kohēn</subfield>
      <subfield code="d">1616-1678</subfield>
    </datafield>
    <datafield tag="375" ind1=" " ind2=" ">
      <subfield code="a">1</subfield>
      <subfield code="2">iso5218</subfield>
    </datafield>
    <datafield tag="400" ind1="0" ind2=" ">
      <subfield code="a">Efrayim ben Yaʿaḳov</subfield>
      <subfield code="c">ha-Kohen</subfield>
      <subfield code="d">1616-1678</subfield>
    </datafield>
    <datafield tag="400" ind1="0" ind2=" ">
      <subfield code="a">Efrayim ben Yaʿaḳov ha-Kohen</subfield>
      <subfield code="d">1616-1678</subfield>
    </datafield>
    <datafield tag="400" ind1="0" ind2=" ">
      <subfield code="a">Efrayim Ben-Yaʿaqov</subfield>
      <subfield code="c">hak-Kohen</subfield>
      <subfield code="d">1616-1678</subfield>
    </datafield>
    <datafield tag="400" ind1="0" ind2=" ">
      <subfield code="a">Efrajim Ben-Jaʿaqob</subfield>
      <subfield code="c">hak-Kohen</subfield>
      <subfield code="d">1616-1678</subfield>
    </datafield>
    <datafield tag="400" ind1="0" ind2=" ">
      <subfield code="a">Efrayim</subfield>
      <subfield code="c">mi-vet Aharon Kahana mi-ḳ.ḳ. Ṿilna</subfield>
      <subfield code="d">1616-1678</subfield>
    </datafield>
    <datafield tag="400" ind1="0" ind2=" ">
      <subfield code="a">Efrajim</subfield>
      <subfield code="c">mi-bet Aharon Kahana mi-q.q. Wilna</subfield>
      <subfield code="d">1616-1678</subfield>
    </datafield>
    <datafield tag="400" ind1="0" ind2=" ">
      <subfield code="a">Ephraim ben Jacob ha-Kohen</subfield>
      <subfield code="d">1616-1678</subfield>
    </datafield>
    <datafield tag="400" ind1="1" ind2=" ">
      <subfield code="a">Ephraim ben Jacob, ha-Kohen</subfield>
      <subfield code="d">1616-1678</subfield>
      <subfield code="9">v:LoC-NA</subfield>
    </datafield>
    <datafield tag="400" ind1="1" ind2=" ">
      <subfield code="a">Kohen, Efrayim ben Yaʿaḳov</subfield>
      <subfield code="d">1616-1678</subfield>
    </datafield>
    <datafield tag="400" ind1="1" ind2=" ">
      <subfield code="a">Kohen, Efrayim Ben-Yaʿaqov</subfield>
      <subfield code="d">1616-1678</subfield>
    </datafield>
    <datafield tag="400" ind1="1" ind2=" ">
      <subfield code="a">Kohen, Efrajim Ben-Jaʿaqob</subfield>
      <subfield code="d">1616-1678</subfield>
    </datafield>
    <datafield tag="400" ind1="1" ind2=" ">
      <subfield code="a">Kohen, Efrayim</subfield>
      <subfield code="d">1616-1678</subfield>
    </datafield>
    <datafield tag="400" ind1="1" ind2=" ">
      <subfield code="a">Kohen, Efrajim</subfield>
      <subfield code="d">1616-1678</subfield>
    </datafield>
    <datafield tag="400" ind1="1" ind2=" ">
      <subfield code="a">Hakohen, Efrayim</subfield>
      <subfield code="d">1616-1678</subfield>
    </datafield>
    <datafield tag="400" ind1="1" ind2=" ">
      <subfield code="a">Hakohen, Efrajim</subfield>
      <subfield code="d">1616-1678</subfield>
    </datafield>
    <datafield tag="400" ind1="1" ind2=" ">
      <subfield code="a">Kohen, Ephraim</subfield>
      <subfield code="d">1616-1678</subfield>
      <subfield code="9">v:Internat. biogr. Index</subfield>
    </datafield>
    <datafield tag="400" ind1="1" ind2=" ">
      <subfield code="a">Efrayim, mi-Vilna</subfield>
      <subfield code="d">1616-1678</subfield>
      <subfield code="9">v:Vw aus LoC-NA</subfield>
    </datafield>
    <datafield tag="400" ind1="0" ind2=" ">
      <subfield code="a">Efrayim</subfield>
      <subfield code="c">mi-Vilna</subfield>
      <subfield code="d">1616-1678</subfield>
    </datafield>
    <datafield tag="400" ind1="0" ind2=" ">
      <subfield code="9">U:Hebr</subfield>
      <subfield code="a">אפרים</subfield>
      <subfield code="c">מבית אהרן כהנא מק״ק ווילנא</subfield>
      <subfield code="d">1616-1678</subfield>
    </datafield>
    <datafield tag="400" ind1="0" ind2=" ">
      <subfield code="9">U:Hebr</subfield>
      <subfield code="a">אפרים</subfield>
      <subfield code="c">מווילנא</subfield>
      <subfield code="d">1616-1678</subfield>
    </datafield>
    <datafield tag="400" ind1="0" ind2=" ">
      <subfield code="9">U:Hebr</subfield>
      <subfield code="a">אפרים בן יעקב</subfield>
      <subfield code="c">הכהן</subfield>
      <subfield code="d">1616-1678</subfield>
    </datafield>
    <datafield tag="400" ind1="1" ind2=" ">
      <subfield code="9">U:Hebr</subfield>
      <subfield code="a">הכהן, אפרים בן יעקב</subfield>
      <subfield code="d">1616-1678</subfield>
    </datafield>
    <datafield tag="400" ind1="1" ind2=" ">
      <subfield code="9">U:Hebr</subfield>
      <subfield code="a">כהן, אפרים בן יעקב</subfield>
      <subfield code="d">1616-1678</subfield>
    </datafield>
    <datafield tag="400" ind1="1" ind2=" ">
      <subfield code="9">U:Hebr</subfield>
      <subfield code="a">הכהן, אפרים</subfield>
      <subfield code="d">1616-1678</subfield>
    </datafield>
    <datafield tag="400" ind1="1" ind2=" ">
      <subfield code="9">U:Hebr</subfield>
      <subfield code="a">כהן, אפרים</subfield>
      <subfield code="d">1616-1678</subfield>
    </datafield>
    <datafield tag="548" ind1=" " ind2=" ">
      <subfield code="a">1616-1678</subfield>
      <subfield code="4">datl</subfield>
      <subfield code="4">https://d-nb.info/standards/elementset/gnd#dateOfBirthAndDeath</subfield>
      <subfield code="w">r</subfield>
      <subfield code="i">Lebensdaten</subfield>
      <subfield code="9">v:Todesjahr abweichend 1690</subfield>
    </datafield>
    <datafield tag="550" ind1=" " ind2=" ">
      <subfield code="0">(DE-101)041767519</subfield>
      <subfield code="0">(DE-588)4176751-2</subfield>
      <subfield code="0">https://d-nb.info/gnd/4176751-2</subfield>
      <subfield code="a">Rabbiner</subfield>
      <subfield code="4">berc</subfield>
      <subfield code="4">https://d-nb.info/standards/elementset/gnd#professionOrOccupation</subfield>
      <subfield code="w">r</subfield>
      <subfield code="i">Charakteristischer Beruf</subfield>
    </datafield>
    <datafield tag="551" ind1=" " ind2=" ">
      <subfield code="0">(DE-101)040662284</subfield>
      <subfield code="0">(DE-588)4066228-7</subfield>
      <subfield code="0">https://d-nb.info/gnd/4066228-7</subfield>
      <subfield code="a">Wilna</subfield>
      <subfield code="4">ortw</subfield>
      <subfield code="4">https://d-nb.info/standards/elementset/gnd#placeOfActivity</subfield>
      <subfield code="w">r</subfield>
      <subfield code="i">Wirkungsort</subfield>
    </datafield>
    <datafield tag="667" ind1=" " ind2=" ">
      <subfield code="a">12</subfield>
    </datafield>
    <datafield tag="667" ind1=" " ind2=" ">
      <subfield code="a">VD-17</subfield>
    </datafield>
    <datafield tag="670" ind1=" " ind2=" ">
      <subfield code="a">Deutsche Biographie</subfield>
      <subfield code="u">http://www.deutsche-biographie.de</subfield>
    </datafield>
    <datafield tag="672" ind1=" " ind2="0">
      <subfield code="a">Sēfer šaʿar Efrayim. - 1688 = 5448 [jüd. Zeit]</subfield>
    </datafield>
    <datafield tag="913" ind1=" " ind2=" ">
      <subfield code="S">pnd</subfield>
      <subfield code="i">5</subfield>
      <subfield code="a">Efrayim Kohēn</subfield>
      <subfield code="0">(DE-588a)12971075X</subfield>
    </datafield>
  </record>
